<?xml version="1.0" encoding="UTF-8"?><collection xmlns="http://www.loc.gov/MARC21/slim"><record><leader>00555nam--2200193-i-4500</leader><controlfield tag="001">000020310</controlfield><controlfield tag="002">20161230</controlfield><controlfield tag="005">20161230201033</controlfield><controlfield tag="008">060222s1000------------r-----000-0-eng-d</controlfield><datafield ind1=" " ind2=" " tag="020"><subfield code="a">9027715629</subfield></datafield><datafield ind1=" " ind2=" " tag="040"><subfield code="a">IFIN-HH</subfield></datafield><datafield ind1=" " ind2=" " tag="080"><subfield code="a">537.67</subfield></datafield><datafield ind1="1" ind2=" " tag="100"><subfield code="a">Johnson, R.G</subfield></datafield><datafield ind1="1" ind2="0" tag="245"><subfield code="a">Energetic ion composition in the earth's magnetosphere</subfield><subfield code="c">R.g. johnson (ed.)</subfield></datafield><datafield ind1=" " ind2=" " tag="260"><subfield code="a">Tokyo</subfield><subfield code="b">Terra Scientific Publishing Company</subfield><subfield code="c">1983</subfield></datafield><datafield ind1=" " ind2=" " tag="300"><subfield code="a">VI+438 P</subfield></datafield><datafield ind1=" " ind2=" " tag="490"><subfield code="a">Advances In Earth And Planetary Sciences</subfield></datafield><datafield ind1=" " ind2=" " tag="852"><subfield code="a">73159</subfield><subfield code="c">523</subfield></datafield><datafield ind1=" " ind2=" " tag="CAT"><subfield code="a">Sys</subfield><subfield code="c">20141208</subfield><subfield code="h">124241</subfield></datafield></record></collection>